@article{2003Mathematical,
  title={Mathematical Models in Population Biology and Epidemiology},
  author={ Castillo-Chavez, C. },
  journal={The American Mathematical Monthly},
  volume={110},
  number={3},
  pages={254},
  year={2003},
}
@book{皮特·布鲁克史密斯1999,
  title={[灰皮书系·I]震惊世界的科学前沿报告 未来的灾难——瘟疫复活与人类的生存之战},
  author={皮特·布鲁克史密斯},
  publisher={海南出版社},
  year={1999},
}
@article{1979Epidemic,
  title={Epidemic disease in fifteenth-century England. The medical response and the demographic consequences},
  author={ Gottfried, R. S. },
  journal={The Journal of Modern History},
  volume={51},
  number={3},
  pages={561-564},
  year={1979},
}
@article{1911The,
  title={The Prevention of Malaria.},
  author={ Ross, R. },
  journal={Journal of the American Medical Association},
  volume={LVII},
  number={21},
  pages={1715-},
  year={1911},
}
@article{1927A,
  title={A Contribution to the Mathematical Theory of Epidemics},
  author={ Kermack, W. O.  and  Mckendrick, A. G. },
  journal={Proceedings of the Royal Society of London Series A},
  volume={115},
  year={1927},
}
@article{W1991Contributions,
  title={Contributions to the mathematical theory of epidemics—II. The problem of endemicity},
  author={W. and O. and KermackA. and G. and McKendrick},
  journal={Bulletin of Mathematical Biology},
  year={1991},
}
@article{1977The,
  title={The Mathematical Theory of Infectious Diseases and Its Applications},
  author={ Bailey, N. },
  journal={Journal of the Operational Research Society},
  volume={28},
  number={2},
  pages={479-480},
  year={1977},
}
@article{1993The,
  title={The saturating contact rate in marriage- and epidemic models.},
  author={ Heesterbeek, Jap  and  Metz, Jaj },
  journal={Journal of Mathematical Biology},
  volume={31},
  number={5},
  pages={529-539},
  year={1993},
}
@article{1977Present,
  title={Present status of measles and rubella immunization in the United States: a medical progress report.},
  author={ Krugman, S. },
  journal={Journal of Pediatrics},
  volume={90},
  number={1},
  pages={1-12},
  year={1977},
}
@article{Anon1996World,
  title={World malaria situation in 1993: part 3},
  author={Anon},
  journal={Wkly Epidemiol Rec},
  volume={71},
  pages={41-48},
  year={1996},
}
@article{Herbert1973Optimal,
  title={Optimal vaccination schedules in a deterministic epidemic model},
  author={Herbert and W. and Hethcote and and and Paul and Waltman},
  journal={Mathematical Biosciences},
  volume={18},
  number={3-4},
  pages={365-381},
  year={1973},
}
@article{1978An,
  title={An optimization model for influenza A epidemics},
  author={ Longini, I. M.  and  Ackerman, E.  and  Elveback, L. R. },
  journal={Mathematical Biosciences},
  volume={38},
  number={1-2},
  pages={141-157},
  year={1978},
}
@article{1988Optimal,
  title={Optimal ages of vaccination for measles},
  author={ Hethcote, H. W. },
  journal={Mathematical Biosciences},
  volume={89},
  number={1},
  pages={29-52},
  year={1988},
}




@article{王健2020基于,
  title={基于SIR模型对新冠肺炎疫情的数理分析},
  author={王健 and 王天萌 and 嵇冉},
  journal={中国统计},
  number={5},
  pages={3},
  year={2020},
}
@article{王寅2020基于,
  title={基于SIR模型的新型冠状病毒肺炎疫情预测及防控措施研究},
  author={王寅,罗帅,胡俊},
  journal={黔南民族师范学院学报},
  volume={40},
  number={4},
  pages={6},
  year={2020},
}
@article{李承倬2020基于,
  title={基于SIR模型和基本再生数的浙江省新型冠状病毒肺炎防控效果分析},
  author={李承倬 and 武文韬 and 潘振宇 and 邓玉皎 and 李筱 and 代志军 and 吕军},
  journal={浙江医学},
  volume={42},
  number={4},
  pages={4},
  year={2020},
}
@article{Chun2015Dynamics,
  title={Dynamics of a network-based SIS epidemic model with nonmonotone incidence rate},
  author={Chun-Hsien},
  journal={Physica, A. Statistical mechanics and its applications},
  year={2015},
}
@article{2023Optimal,
  title={Optimal control by deep learning techniques and its applications on epidemic models},
  author={ Yin, Shuangshuang  and  Wu, Jianhong  and  Song, Pengfei },
  journal={Journal of Mathematical Biology},
  volume={86},
  number={3},
  year={2023},
}

@book{2010Practical,
  title={Practical methods for optimal control and estimation using nonlinear programming. 2nd ed},
  author={ Betts, J. T. },
  publisher={Practical methods for optimal control and estimation using nonlinear programming. 2nd ed},
  year={2010},
}
@article{2007Optimal,
  title={Optimal Control Applied to Biological Models},
  author={ Lenhart, S.  and  Workman, J. T. },
  journal={crc press},
  year={2007},
}
@article{Pinkus1999ApproximationTO,
  title={Approximation theory of the MLP model in neural networks},
  author={Allan Pinkus},
  journal={Acta Numerica},
  year={1999},
  volume={8},
  pages={143 - 195}
}
@article{2020Universal,
  title={Universal Differential Equations for Scientific Machine Learning},
  author={ Rackauckas, C.  and  Ma, Y.  and  Martensen, J.  and  Warner, C.  and  Ramadhan, A. },
  year={2020},
}
@article{Song2022ESTIMATINGTR,
  title={ESTIMATING TIME-VARYING REPRODUCTION NUMBER BY DEEP LEARNING TECHNIQUES},
  author={Pengfei Song and Yanni Xiao},
  journal={Journal of Applied Analysis \&amp; Computation},
  year={2022}
}
@article{2014FATODE,
  title={FATODE: A LIBRARY FOR FORWARD, ADJOINT, AND TANGENT LINEAR INTEGRATION OF ODES},
  author={ Zhang, Hsa },
  journal={SIAM Journal on Scientific Computing},
  volume={36},
  number={5},
  year={2014},
}
@article{2018A,
  title={A Comparison of Automatic Differentiation and Continuous Sensitivity Analysis for Derivatives of Differential Equation Solutions},
  author={ Rackauckas, C.  and  Ma, Y.  and  Dixit, V.  and  Guo, X.  and  Innes, M.  and  Revels, Jarrett  and  Nyberg, Joakim  and  Ivaturi, V. },
  year={2018},
}
@article{2018Neural,
  title={Neural Ordinary Differential Equations},
  author={ Chen, Rtq  and  Rubanova, Y.  and  Bettencourt, J.  and  Duvenaud, D. },
  year={2018},
}